01REMESSA01COBRANCA       00000000000000000000                              237BRADESCO       230512        MX0000200                                                                                                                                                                                                                                                                                     000001
9                                                                                                                                                                                                                                                                                                                                                                                                         000002